@Manual{R-base,
  title = {R: A Language and Environment for Statistical Computing},
  author = {{R Core Team}},
  organization = {R Foundation for Statistical Computing},
  address = {Vienna, Austria},
  year = {2021},
  url = {https://www.R-project.org/},
}
@Manual{R-papaja,
  author = {Frederik Aust and Marius Barth},
  title = {{papaja}: {Create} {APA} manuscripts with {R Markdown}},
  year = {2020},
  note = {R package version 0.1.0.9997},
  url = {https://github.com/crsh/papaja},
}

@data{DVN/2IBBMG_2021,
author = {Condon, David and Zabelina, Darya and Revelle, William},
publisher = {Harvard Dataverse},
title = {{Reproducibility Data for: Creative Achievement and Individual Differences}},
UNF = {UNF:6:KyQMeSMEvR5aG7Xa5J0P9g==},
year = {2021},
version = {V3},
doi = {10.7910/DVN/2IBBMG},
url = {https://doi.org/10.7910/DVN/2IBBMG}
}

@article{revelle2016web,
  title={Web and phone based data collection using planned missing designs},
  author={Revelle, William and Condon, David M and Wilt, Joshua and French, Jason A and Brown, Ashley and Elleman, Lorien G},
  journal={Sage handbook of online research methods (2nd ed., p. 578-595). Sage Publications, Inc},
  year={2016}
}

@article{condon2014international,
  title={The international cognitive ability resource: Development and initial validation of a public-domain measure},
  author={Condon, David M and Revelle, William},
  journal={Intelligence},
  volume={43},
  pages={52--64},
  year={2014},
  publisher={Elsevier}
}

@article{wilt2011dynamic,
  title={The dynamic relationships of affective synchrony to perceptions of situations},
  author={Wilt, Joshua and Funkhouser, Katharine and Revelle, William},
  journal={Journal of Research in Personality},
  volume={45},
  number={3},
  pages={309--321},
  year={2011},
  publisher={Elsevier}
}

